<record><leader>00000cas a22000007a 4500</leader><controlfield tag="001">13880104</controlfield><controlfield tag="008">860716d19061921iauwr ne      0    0eng d</controlfield><datafield ind1=" " ind2=" " tag="010"><subfield code="a">sn 86060124 </subfield></datafield><datafield ind1=" " ind2=" " tag="040"><subfield code="a">INP</subfield><subfield code="b">eng</subfield><subfield code="c">INP</subfield><subfield code="d">OCLCQ</subfield></datafield><datafield ind1=" " ind2=" " tag="042"><subfield code="a">msc</subfield></datafield><datafield ind1="0" ind2="4" tag="245"><subfield code="a">The Prescott Argus.</subfield></datafield><datafield ind1=" " ind2=" " tag="260"><subfield code="a">Prescott, Adams County, Iowa :</subfield><subfield code="b">Whit Booth</subfield></datafield><datafield ind1=" " ind2=" " tag="300"><subfield code="a">v. :</subfield><subfield code="b">ill. ;</subfield><subfield code="c">56 cm.</subfield></datafield><datafield ind1=" " ind2=" " tag="310"><subfield code="a">Weekly</subfield></datafield><datafield ind1="1" ind2=" " tag="362"><subfield code="a">Issued 1906?-1921?</subfield><subfield code="z">Cf. Bibl. of Iowa newspapers.</subfield></datafield><datafield ind1=" " ind2=" " tag="500"><subfield code="a">Later publishers: Dutton Stahl, Sept. 5, 1919-Mar. 25, 1921; B.J. McKee, Apr. 1-&lt;July 22, 1921&gt;.</subfield></datafield><datafield ind1=" " ind2=" " tag="500"><subfield code="a">Edited successively by: Whit Booth; Dutton Stahl; Clifton E. Carney; B.J. McKee.</subfield></datafield><datafield ind1=" " ind2=" " tag="515"><subfield code="a">Vol. 29, no. 35 (Jan. 4, 1918) misdated Jan. 4, 1917.</subfield></datafield><datafield ind1=" " ind2=" " tag="588"><subfield code="a">Description based on: Vol. 22, no. 51 (May 5, 1911).</subfield></datafield><datafield ind1=" " ind2=" " tag="752"><subfield code="a">United States</subfield><subfield code="b">Iowa</subfield><subfield code="c">Adams</subfield><subfield code="d">Prescott.</subfield></datafield><datafield ind1="0" ind2="0" tag="780"><subfield code="t">Adams County Argus</subfield><subfield code="w">(DLC)sn 86060305</subfield></datafield><datafield ind1="1" ind2=" " tag="029"><subfield code="a">AU@</subfield><subfield code="b">000025808968</subfield></datafield></record>